% HOW TO USE WITH THIS CV FORMAT
% -----------------------------
% 1. Mark items with a "keyword" that specifies the type of item they will be grouped by within the CV
% 2. Call \printbibliography in main.tex with the class ('article', 'misc', etc.) and keyword to "select" only the items you want for that group of items


% Journals
% #########################################################

@article{apotc,
    doi = {10.21105/joss.06868},
    url = {https://doi.org/10.21105/joss.06868},
    year = {2024},
    publisher = {The Open Journal},
    volume = {9},
    number = {103},
    pages = {6868},
    author = {\textbf{Qile Yang}},
    title = {APackOfTheClones: Visualization of clonal expansion with circle packing},
    journal = {Journal of Open Source Software},
    keywords={J}
}

% Working papers
% All of the non-standard items require the flexible "misc" class
% #########################################################

% gwi paper (acknowledgements)

@article{screp,
    title={scRepertoire 2: Enhanced and Efficient Toolkit for Single-Cell Immune Profiling},
    author={\textbf{Yang, Qile} and Safina, Ksenia R and Borcherding, Nicholas},
    journal={bioRxiv},
    pages={2024--12},
    year={2024},
    publisher={Cold Spring Harbor Laboratory},
    doi={10.1101/2024.12.31.630854},
    url={https://doi.org/10.1101/2024.12.31.630854},
    keywords={R}
}

@misc{musei,
    title={Exercise induces inflammation and fibrosis of old muscle and heart, unless Alk5 inhibitor and oxytocin are used},
    author={Cruz, Joana M and Yeung, Hayden and Alzalzalee, Rana and \textbf{Yang, Qile} and Kabir, Hannaneh and McDonough, Samantha and Mei, Xiaoyue and Conboy, Michael J. and Conboy, Irina M.},
    howpublished={Under Review},
    year={2024},
    keywords={R}
}

@misc{ami,
    title={Theraputic Plasma Exchange as treatment for myocardial infarction},
    author={Cruz, Joana M and Alzalzalee, Rana and Yeung, Hayden and \textbf{Yang, Qile} and Mahmood, Zainab and Conboy, Michael J. and Conboy, Irina M.},
    howpublished={Manuscript Under Preparation},
    year={2024},
    keywords={R}
}

% Posters
% #########################################################
@misc{kmergma,
    title   = {{KmerGMA: A seed-based approach for fast homology searching}},
    author  = {\textbf{Qile, Yang} and Sahlin, Kristoffer and Murrel, Benjamin},
    howpublished={\ul{Swedish National Science Fair 2023 Finals} (Sodertalje, Sweden)},
    month   = apr,
    year    = {2023},
    keywords={P}
}

% Demonstrations and Tutorials
% #########################################################

@misc{sofo,
    title   = {{Discovery of Novel Camelid Germline Immunoglobulin Alleles}},
    author  = {\textbf{Qile, Yang} and Murrel, Benjamin},
    howpublished={\ul{Karolinska Institute's summer resarch program (SoFo) 2022} (Stockholm, Sweden)},
    month   = aug,
    year    = {2022},
    url     = {https://github.com/Qile0317/SoFoCompBio22/blob/main/FinalPresentation.pptx},
    keywords={D}
}

@misc{igem,
    title   = {{Final Presentation: Hallucinating Scaffolds Team}},
    author  = {\textbf{Qile, Yang} and et al.},
    howpublished={\ul{iGEM at Berkeley All Hands 3} (Berkeley CA, USA)},
    month   = dec,
    year    = {2023},
    keywords={D}
}

% projects
% #########################################################

@misc{ibee,
  author = {\textbf{Qile, Yang}},
  title = {Characterization of a highschool's microbiome},
  year = {2022},
  howpublished = {IB Diploma Final project},
  keywords={X}
}
